@book{cole89skeletons,
author = {Cole, Murray},
title = {{Algorithmic Skeletons: Structured Management of Parallel Computation}},
year = {1991},
isbn = {0262530864},
publisher = {MIT Press},
address = {Cambridge, MA, USA}
}

@article{tbb,
author = {Pheatt, Chuck},
title = {Intel Threading Building Blocks},
year = {2008},
issue_date = {April 2008},
publisher = {Consortium for Computing Sciences in Colleges},
address = {Evansville, IN, USA},
volume = {23},
number = {4},
issn = {1937-4771},
journal = {J. Comput. Sci. Coll.},
month = apr,
pages = {298},
numpages = {1}
}

@misc{ppl,
title={Microsoft Parallel Patterns Library},
howpublished={\url{https://docs.microsoft.com/en-us/cpp/parallel/concrt/parallel-patterns-library-ppl?view=vs-2019}}
}

@article{mapreduce,
author = {Dean, Jeffrey and Ghemawat, Sanjay},
title = {{MapReduce: Simplified Data Processing on Large Clusters}},
year = {2008},
issue_date = {January 2008},
publisher = {Association for Computing Machinery},
address = {New York, NY, USA},
volume = {51},
number = {1},
issn = {0001-0782},
url = {https://doi.org/10.1145/1327452.1327492},
doi = {10.1145/1327452.1327492},
journal = {Commun. ACM},
month = jan,
pages = {107–113},
numpages = {7}
}

@book{hadoop,
author = {White, Tom},
title = {{Hadoop: The Definitive Guide}},
year = {2009},
isbn = {0596521979},
publisher = {O’Reilly Media, Inc.},
edition = {1st}
}

@book{bigdatabook,
author = {Marz, Nathan and Warren, James},
title = {Big Data: Principles and Best Practices of Scalable Realtime Data Systems},
year = {2015},
isbn = {1617290343},
publisher = {Manning Publications Co.},
address = {USA},
edition = {1st}
}

@misc{tensorflow,
title	= {TensorFlow: Large-Scale Machine Learning on Heterogeneous Distributed Systems},
author	= {Martín Abadi et al.},
year	= {2015},
URL	= {http://download.tensorflow.org/paper/whitepaper2015.pdf}
}

@article{mllib,
author = {Meng, Xiangrui et al.},
title = {MLlib: Machine Learning in Apache Spark},
year = {2016},
issue_date = {January 2016},
publisher = {JMLR.org},
volume = {17},
number = {1},
issn = {1532-4435}}

@misc{keras,
title={Keras: The Python Deep Learning API},
howpublished={\url{keras.io}}
}

@article{bigdatasecurity,
title = {Security and Privacy Aspects in MapReduce on Clouds},
year = {2016},
issue_date = {May 2016},
publisher = {Elsevier Science Publishers B. V.},
address = {NLD},
volume = {20},
number = {C},
issn = {1574-0137},
url = {https://doi.org/10.1016/j.cosrev.2016.05.001},
doi = {10.1016/j.cosrev.2016.05.001},
journal = {Comput. Sci. Rev.},
month = may,
pages = {1–28},
numpages = {28}
}

@inproceedings{10.1145/1989323.1989345,
author = {Kifer, Daniel and Machanavajjhala, Ashwin},
title = {No Free Lunch in Data Privacy},
year = {2011},
isbn = {9781450306614},
publisher = {Association for Computing Machinery},
address = {New York, NY, USA},
url = {https://doi.org/10.1145/1989323.1989345},
doi = {10.1145/1989323.1989345},
booktitle = {Proceedings of the 2011 ACM SIGMOD International Conference on Management of Data},
pages = {193–204},
numpages = {12},
keywords = {privacy, differential privacy},
location = {Athens, Greece},
series = {SIGMOD ’11}
};
@INPROCEEDINGS{Calmon_privacyagainst,
    author = {Flávio Du Pin Calmon and Nadia Fawaz},
    title = {Privacy against statistical inference},
    booktitle = {in Proceedings of the 50th Annual Allerton Conference on Communication, Control, and Computing, Allerton 2012, 2012. [Online]. Available: http://arxiv.org/abs/1210.2123},
    year = {}
};
@inproceedings{DBLP:conf/ndss/LiuMC16,
  author    = {Changchang Liu and
               Supriyo Chakraborty and
               Prateek Mittal},
  title     = {Dependence Makes You Vulnberable: Differential Privacy Under Dependent
               Tuples},
  booktitle = {23rd Annual Network and Distributed System Security Symposium, {NDSS}
               2016, San Diego, California, USA, February 21-24, 2016},
  publisher = {The Internet Society},
  year      = {2016},
  url       = {http://wp.internetsociety.org/ndss/wp-content/uploads/sites/25/2017/09/dependence-makes-you-vulnerable-differential-privacy-under-dependent-tuples.pdf},
  timestamp = {Tue, 16 Jan 2018 13:23:48 +0100},
  biburl    = {https://dblp.org/rec/conf/ndss/LiuMC16.bib},
  bibsource = {dblp computer science bibliography, https://dblp.org}
};
@ARTICLE{5288525, 
author={D. {Rebollo-Monedero} and J. {Forné} and J. {Domingo-Ferrer}}, 
journal={IEEE Transactions on Knowledge and Data Engineering}, 
title={From t-Closeness-Like Privacy to Postrandomization via Information Theory}, 
year={2010}, 
volume={22}, 
number={11}, 
pages={1623-1636}, 
keywords={data privacy;information theory;t-closeness-like privacy model;postrandomization method;information theory;data anonymization;confidential attribute;privacy measurement;Information theory;Data privacy;Phase change random access memory;Data engineering;Noise measurement;Rate-distortion;Data security;Information security;Cryptography;Remuneration;t-Closeness;microdata anonymization;information theory;rate-distortion theory;PRAM;noise addition.}, 
doi={10.1109/TKDE.2009.190}, 
ISSN={2326-3865}, 
month={Nov},
}; 
@ARTICLE{6482222, 
author={L. {Sankar} and S. R. {Rajagopalan} and H. V. {Poor}}, 
journal={IEEE Transactions on Information Forensics and Security}, 
title={Utility-Privacy Tradeoffs in Databases: An Information-Theoretic Approach}, 
year={2013}, 
volume={8}, 
number={6}, 
pages={838-852}, 
keywords={data analysis;data privacy;database management systems;information theory;utility-privacy tradeoff;database;information theoretic approach;electronic data source;privacy guarantee;personally identifiable information privacy;quantifiable benefit;information consumer;analytical model;stochastic data model;encoding scheme;Databases;Data privacy;Privacy;Data models;Distortion measurement;Encoding;Utility;privacy;databases;rate-distortion theory;equivocation;side information}, 
doi={10.1109/TIFS.2013.2253320}, 
ISSN={1556-6021}, 
month={June},
};
@INPROCEEDINGS{7888175, 
author={Y. O. {Basciftci} and Y. {Wang} and P. {Ishwar}}, 
booktitle={2016 Information Theory and Applications Workshop (ITA)}, 
title={On privacy-utility tradeoffs for constrained data release mechanisms}, 
year={2016}, 
volume={}, 
number={}, 
pages={1-6}, 
keywords={data privacy;constrained data release mechanisms;privacy-preserving data release mechanisms;information-leakage;rate-distortion problems;privacy-utility tradeoff region;sensitive data;Distortion;Measurement;Optimization;Privacy;Mutual information;Markov processes;Rate-distortion}, 
doi={10.1109/ITA.2016.7888175}, 
ISSN={null}, 
month={Jan},
};
@article{DBLP:journals/corr/abs-1710-09295,
  author    = {Ye Wang and
               Yuksel Ozan Basciftci and
               Prakash Ishwar},
  title     = {Privacy-Utility Tradeoffs under Constrained Data Release Mechanisms},
  journal   = {CoRR},
  volume    = {abs/1710.09295},
  year      = {2017},
  url       = {http://arxiv.org/abs/1710.09295},
  archivePrefix = {arXiv},
  eprint    = {1710.09295},
  timestamp = {Thu, 17 Oct 2019 16:12:49 +0200},
  biburl    = {https://dblp.org/rec/journals/corr/abs-1710-09295.bib},
  bibsource = {dblp computer science bibliography, https://dblp.org}
};
@article{Huang_2017, 
title={Context-Aware Generative Adversarial Privacy}, 
volume={19}, 
ISSN={1099-4300}, 
url={http://dx.doi.org/10.3390/e19120656}, 
DOI={10.3390/e19120656}, 
number={12},
journal={Entropy}, 
publisher={MDPI AG}, 
author={Huang, Chong and Kairouz, Peter and Chen, Xiao and Sankar, Lalitha and Rajagopal, Ram}, 
year={2017}, 
month={Dec}, 
pages={656}
};
@INPROCEEDINGS{8919758, 
author={A. {Tripathy} and Y. {Wang} and P. {Ishwar}}, 
booktitle={2019 57th Annual Allerton Conference on Communication, Control, and Computing (Allerton)}, 
title={Privacy-Preserving Adversarial Networks}, 
year={2019}, 
volume={}, 
number={}, 
pages={495-505}, 
doi={10.1109/ALLERTON.2019.8919758}, 
month={Sep.},
};
@incollection{NIPS2016_6399,
title = {InfoGAN: Interpretable Representation Learning by Information Maximizing Generative Adversarial Nets},
author = {Chen, Xi and Duan, Yan and Houthooft, Rein and Schulman, John and Sutskever, Ilya and Abbeel, Pieter},
booktitle = {Advances in Neural Information Processing Systems 29},
editor = {D. D. Lee and M. Sugiyama and U. V. Luxburg and I. Guyon and R. Garnett},
pages = {2172--2180},
year = {2016},
publisher = {Curran Associates, Inc.},
url = {http://papers.nips.cc/paper/6399-infogan-interpretable-representation-learning-by-information-maximizing-generative-adversarial-nets.pdf}
};
@article{10.1142/S0218488502001648, 
author = {Sweeney, Latanya}, 
title = {K-Anonymity: A Model for Protecting Privacy}, 
year = {2002}, 
issue_date = {October 2002}, 
publisher = {World Scientific Publishing Co., Inc.}, 
address = {USA}, 
volume = {10}, 
number = {5}, 
doi = {10.1142/S0218488502001648}, 
journal = {Int. J. Uncertain. Fuzziness Knowl.-Based Syst.}, 
month = oct, 
pages = {557–570}, 
};
@article{10.1145/1217299.1217302,
author = {Machanavajjhala, Ashwin and Kifer, Daniel and Gehrke, Johannes and Venkitasubramaniam, Muthuramakrishnan},
title = {L-Diversity: Privacy beyond k-Anonymity},
year = {2007},
issue_date = {March 2007},
publisher = {Association for Computing Machinery},
address = {New York, NY, USA},
volume = {1},
number = {1},
issn = {1556-4681},
doi = {10.1145/1217299.1217302},
journal = {ACM Trans. Knowl. Discov. Data},
month = mar,
};
@inproceedings{DBLP:conf/icde/LiLV07,
  author    = {Ninghui Li and
               Tiancheng Li and
               Suresh Venkatasubramanian},
  editor    = {Rada Chirkova and
               Asuman Dogac and
               M. Tamer {\"{O}}zsu and
               Timos K. Sellis},
  title     = {t-Closeness: Privacy Beyond k-Anonymity and l-Diversity},
  booktitle = {Proceedings of the 23rd International Conference on Data Engineering,
               {ICDE} 2007, The Marmara Hotel, Istanbul, Turkey, April 15-20, 2007},
  pages     = {106--115},
  publisher = {{IEEE} Computer Society},
  year      = {2007},
   doi       = {10.1109/ICDE.2007.367856},
};  
@article{10.1561/0400000042,
author = {Dwork, Cynthia and Roth, Aaron},
title = {The Algorithmic Foundations of Differential Privacy},
year = {2014},
issue_date = {August 2014},
publisher = {Now Publishers Inc.},
address = {Hanover, MA, USA},
volume = {9},
number = {3–4},
doi = {10.1561/0400000042},
journal = {Found. Trends Theor. Comput. Sci.},
month = aug,
pages = {211–407},
numpages = {197}
};
@ARTICLE{5447695, 
author={M. Kumar and N. Stoll and R. Stoll}, 
journal={IEEE Transactions on Fuzzy Systems}, 
title={Variational Bayes for a Mixed Stochastic/Deterministic Fuzzy Filter}, 
year={2010}, 
volume={18}, 
number={4}, 
pages={787-801}, 
doi={10.1109/TFUZZ.2010.2048331}, 
month={Aug},
};
@ARTICLE{5759770, 
author={Kumar, M. and Stoll, N. and Stoll, R.}, 
journal={IEEE Transactions on Fuzzy Systems}, 
title="{Stationary Fuzzy Fokker-Planck Learning and Stochastic Fuzzy Filtering}", 
year={2011}, 
month={Oct}, 
volume={19}, 
number={5}, 
pages={873-889}, 
doi="{10.1109/TFUZZ.2011.2148724}", 
ISSN={1063-6706},
};
@ARTICLE{7100899, 
author={M. Kumar and N. Stoll and R. Stoll and K. Thurow}, 
journal={IEEE Transactions on Cybernetics}, 
title="{A Stochastic Framework for Robust Fuzzy Filtering and Analysis of Signals-Part I}", 
year={2016}, 
volume={46}, 
number={5}, 
pages={1118-1131}, 
doi={10.1109/TCYB.2015.2423657}, 
month={May},
};
@ARTICLE{6127913, 
author={M. {Kumar} and S. {Neubert} and S. {Behrendt} and A. {Rieger} and M. {Weippert} and N. {Stoll} and K. {Thurow} and R. {Stoll}}, 
journal={IEEE Transactions on Fuzzy Systems}, 
title={Stress Monitoring Based on Stochastic Fuzzy Analysis of Heartbeat Intervals}, 
year={2012}, 
volume={20}, 
number={4}, 
pages={746-759}, 
doi={10.1109/TFUZZ.2012.2183602}, 
ISSN={1063-6706}, 
month={Aug},
};

@ARTICLE{7222472, 
author={M. {Kumar} and A. {Insan} and N. {Stoll} and K. {Thurow} and R. {Stoll}}, 
journal={IEEE Transactions on Systems, Man, and Cybernetics: Systems}, 
title={Stochastic Fuzzy Modeling for Ear Imaging Based Child Identification}, 
year={2016}, 
volume={46}, 
number={9}, 
pages={1265-1278}, 
doi={10.1109/TSMC.2015.2468195}, 
ISSN={2168-2216}, 
month={Sep.},
};  

@InProceedings{10.1007/978-3-030-27684-3_15,
author="Kumar, Mohit
and Rossbory, Michael
and Moser, Bernhard A.
and Freudenthaler, Bernhard",
editor="Anderst-Kotsis, Gabriele
and Tjoa, A Min
and Khalil, Ismail
and Elloumi, Mourad
and Mashkoor, Atif
and Sametinger, Johannes
and Larrucea, Xabier
and Fensel, Anna
and Martinez-Gil, Jorge
and Moser, Bernhard
and Seifert, Christin
and Stein, Benno
and Granitzer, Michael",
title="Deriving an Optimal Noise Adding Mechanism for Privacy-Preserving Machine Learning",
booktitle="Database and Expert Systems Applications",
year="2019",
publisher="Springer International Publishing",
address="Cham",
pages="108--118",
};






